@article{Yuan20122062,
title = "Spatiotemporal dynamics of the brain at rest â€” Exploring \{EEG\} microstates as electrophysiological signatures of \{BOLD\} resting state networks ",
journal = "NeuroImage ",
volume = "60",
number = "4",
pages = "2062 - 2072",
year = "2012",
note = "",
issn = "1053-8119",
doi = "http://dx.doi.org/10.1016/j.neuroimage.2012.02.031",
url = "http://www.sciencedirect.com/science/article/pii/S105381191200208X",
author = "Han Yuan and Vadim Zotev and Raquel Phillips and Wayne C. Drevets and Jerzy Bodurka",
keywords = "\{BOLD\} fMRI",
keywords = "\{EEG\}",
keywords = "Microstates",
keywords = "Resting state networks",
keywords = "\{ICA\} "
}

@article{Raichle,
AUTHOR = "Marcus E. Raichle",
TITLE = "The Restless Brain",
JOURNAL = "Brain Connectivity",
PAGES = {3-12},
YEAR = {2011},
}


@article{lehmann1980reference,
  title={Reference-free identification of components of checkerboard-evoked multichannel potential fields},
  author={Lehmann, D and Skrandies, W},
  journal={Electroencephalography and clinical neurophysiology},
  volume={48},
  number={6},
  pages={609--621},
  year={1980},
  publisher={Elsevier}
}